<record><leader>00000cas a22000007a 4500</leader><controlfield tag="001">11380700</controlfield><controlfield tag="008">841113d198u1985meuer ne      0   a0eng d</controlfield><datafield ind1=" " ind2=" " tag="010"><subfield code="a">sn 84001828 </subfield></datafield><datafield ind1=" " ind2=" " tag="040"><subfield code="a">NSD</subfield><subfield code="b">eng</subfield><subfield code="c">NSD</subfield><subfield code="d">OCLCQ</subfield></datafield><datafield ind1=" " ind2=" " tag="012"><subfield code="j">0</subfield><subfield code="m">d</subfield></datafield><datafield ind1="1" ind2=" " tag="022"><subfield code="a">8750-4073</subfield><subfield code="l">8750-4073</subfield><subfield code="2">1</subfield></datafield><datafield ind1=" " ind2=" " tag="032"><subfield code="a">566530</subfield><subfield code="b">USPS</subfield></datafield><datafield ind1=" " ind2=" " tag="037"><subfield code="b">Washington County Survivor, Inc., P.O. Box 118, 26 Main St., Machias, ME 04654</subfield></datafield><datafield ind1=" " ind2=" " tag="042"><subfield code="a">nsdp</subfield></datafield><datafield ind1="0" ind2=" " tag="130"><subfield code="a">Countywide (Machias, Me.)</subfield></datafield><datafield ind1=" " ind2="0" tag="222"><subfield code="a">Countywide</subfield><subfield code="b">(Machias, Me.)</subfield></datafield><datafield ind1="1" ind2="0" tag="245"><subfield code="a">Countywide.</subfield></datafield><datafield ind1="3" ind2="0" tag="246"><subfield code="a">County wide</subfield></datafield><datafield ind1=" " ind2=" " tag="260"><subfield code="a">Machias, Me. :</subfield><subfield code="b">Washington County Survivor, Inc.</subfield></datafield><datafield ind1=" " ind2=" " tag="310"><subfield code="a">Biweekly</subfield></datafield><datafield ind1=" " ind2=" " tag="321"><subfield code="a">Weekly</subfield></datafield><datafield ind1="1" ind2=" " tag="362"><subfield code="a">Ceased with May 2, 1985 issue.</subfield></datafield><datafield ind1=" " ind2=" " tag="588"><subfield code="a">Description based on: Vol. 1, no. 22 (Oct. 4, 1984).</subfield></datafield><datafield ind1=" " ind2=" " tag="752"><subfield code="a">United States</subfield><subfield code="b">Maine</subfield><subfield code="c">Washington</subfield><subfield code="d">Machias.</subfield></datafield><datafield ind1=" " ind2=" " tag="936"><subfield code="a">Oct. 4, 1984</subfield></datafield></record>